<?xml version="1.0" encoding="UTF-8"?><collection xmlns="http://www.loc.gov/MARC21/slim"><record><leader>00479nam--2200169-i-4500</leader><controlfield tag="001">000048329</controlfield><controlfield tag="002">20161230</controlfield><controlfield tag="005">20170108230845</controlfield><controlfield tag="008">060222s1000------------r-----000-0-eng-d</controlfield><datafield ind1=" " ind2=" " tag="040"><subfield code="a">IFIN-HH</subfield></datafield><datafield ind1=" " ind2=" " tag="080"><subfield code="a">524.83</subfield></datafield><datafield ind1="1" ind2=" " tag="100"><subfield code="a">Zaycoff, Rashco G</subfield></datafield><datafield ind1="1" ind2="0" tag="245"><subfield code="a">Expanding universe with moving inert matter and light radiation</subfield><subfield code="c">Raschco G. Zaycoff</subfield></datafield><datafield ind1=" " ind2=" " tag="260"><subfield code="a">Sofia</subfield><subfield code="b">Bulgarian Academy Of Sciences</subfield><subfield code="c">1980</subfield></datafield><datafield ind1=" " ind2=" " tag="300"><subfield code="a">94 p</subfield></datafield><datafield ind1=" " ind2=" " tag="852"><subfield code="a">48466</subfield><subfield code="c">523.164</subfield></datafield><datafield ind1=" " ind2=" " tag="CAT"><subfield code="a">SYS</subfield><subfield code="c">20170108</subfield><subfield code="h">230845</subfield></datafield></record></collection>